交易日期	账号	储种	序号	币种	钞汇	摘要	地区	收入/支出金额	余额	对方户名	对方账号	渠道
2024-12-16	07:57:31	3100024001230055845	活期	00000	人民币	钞	消费	3100	-14.40	1,266.50	深圳市财付通支	付科技有限公司	2433****0133	快捷支付
2024-12-16	13:49:04	3100024001230055845	活期	00000	人民币	钞	消费	3100	-13.44	1,253.06	深圳市财付通支	付科技有限公司	2433****0133	快捷支付
2024-12-16	16:34:35	3100024001230055845	活期	00000	人民币	钞	消费	3100	-22.00	1,231.06	深圳市财付通支	付科技有限公司	2433****0133	快捷支付
2024-12-16	16:37:42	3100024001230055845	活期	00000	人民币	钞	消费	3100	-19.50	1,211.56	深圳市财付通支	付科技有限公司	2433****0133	快捷支付
2024-12-17	12:52:27	3100024001230055845	活期	00000	人民币	钞	消费	3100	-5.00	1,206.56	深圳市财付通支	付科技有限公司	2433****0133	快捷支付
2024-12-17	13:57:52	3100024001230055845	活期	00000	人民币	钞	消费	3100	-9.66	1,196.90			luckincoffee瑞幸咖啡	1526****1811	快捷支付
2024-12-17	17:10:58	3100024001230055845	活期	00000	人民币	钞	消费	3100	-22.00	1,174.90	深圳市财付通支	付科技有限公司	2433****0133	快捷支付
2024-12-17	17:11:25	3100024001230055845	活期	00000	人民币	钞	消费	3100	-22.00	1,152.90	深圳市财付通支	付科技有限公司	2433****0133	快捷支付
2024-12-17	17:22:40	3100024001230055845	活期	00000	人民币	钞	消费	3100	-14.80	1,138.10	深圳市财付通支	付科技有限公司	2433****0133	快捷支付
2024-12-18	08:47:04	3100024001230055845	活期	00000	人民币	钞	消费	3100	-9.90	1,128.20	深圳市财付通支	付科技有限公司	2433****0133	快捷支付
2024-12-18	16:01:28	3100024001230055845	活期	00000	人民币	钞	消费	3100	-31.80	1,096.40			深圳百果园实业(集团)股份有限公司	1200****9370	快捷支付
2024-12-18	16:03:37	3100024001230055845	活期	00000	人民币	钞	消费	3100	-21.00	1,075.40	深圳市财付通支	付科技有限公司	2433****0133	快捷支付
2024-12-19	08:15:35	3100024001230055845	活期	00000	人民币	钞	消费	3100	-14.40	1,061.00	南京金拱门食品	有限公司	1607****3306	快捷支付
2024-12-19	16:37:19	3100024001230055845	活期	00000	人民币	钞	消费	3100	-45.18	1,015.82	北京三快在线科	技有限公司	1100****2473	快捷支付
2024-12-20	08:31:21	3100024001230055845	活期	00000	人民币	钞	消费	3100	-14.40	1,001.42	南京金拱门食品	有限公司	1607****3306	快捷支付
2024-12-20	09:25:05	3100024001230055845	活期	00000	人民币	钞	消费	3100	-30.52	970.90	北京三快在线科	技有限公司	1100****2473	快捷支付
2024-12-20	14:30:52	3100024001230055845	活期	00000	人民币	钞	消费	3100	-12.80	958.10	深圳市财付通支	付科技有限公司	2433****0133	快捷支付
2024-12-20	15:13:09	3100024001230055845	活期	00000	人民币	钞	消费	3100	-32.00	926.10	马鸿宇	1200****6208	快捷支付
2024-12-20	20:28:08	3100024001230055845	活期	00000	人民币	钞	缴费	3100	-64.00	862.10	智齿科技	1507****8091	快捷支付
2024-12-20	20:43:04	3100024001230055845	活期	00000	人民币	钞	消费	3100	-24.80	837.30	中国知网	1674****0974	快捷支付
2024-12-20	21:28:47	3100024001230055845	活期	00000	人民币	钞	消费	3100	-12.00	825.30	深圳市财付通支	付科技有限公司	2433****0133	快捷支付
2024-12-20	21:29:20	3100024001230055845	活期	00000	人民币	钞	消费	3100	-9.00	816.30	深圳市财付通支	付科技有限公司	2433****0133	快捷支付
2024-12-20	21:40:07	3100024001230055845	活期	00000	人民币	钞	消费	3100	-15.50	800.80	中国知网	1674****0974	快捷支付
2024-12-20	22:56:35	3100024001230055845	活期	00000	人民币	钞	消费	3100	-3.30	797.50	深圳市财付通支	付科技有限公司	2433****0133	快捷支付
2024-12-21	00:57:03	3100024001230055845	活期	00000	人民币	钞	利息	3100	+0.37	797.87	（空）	（空）	批量业务

(
中国工商银行借记账户历史明细（电子版）
) (
请扫描二维码识别明细真伪
) (
卡号 6222033100056785762
) (
户名：魏诗韵
) (
起止日期：2024-12-16 — 2025-01-16
)
(
本页支出算术合计：483.40
) (
本页收入算术合计：0.37
) (
下单时间：2025-01-16 12:44:53
) (
本页交易笔数：25
) (
共 6 页
) (
第 1 页
)

交易日期	账号	储种	序号	币种	钞汇	摘要	地区	收入/支出金额	余额	对方户名	对方账号	渠道
2024-12-21	08:43:29	3100024001230055845	活期	00000	人民币	钞	消费	3100	-9.90	787.97	深圳市财付通支	付科技有限公司	2433****0133	快捷支付
2024-12-21	08:57:12	3100024001230055845	活期	00000	人民币	钞	无卡支付	3100	-2.95	785.02	胖乖生活	8216****00ZL	网上银行
2024-12-21	09:05:03	3100024001230055845	活期	00000	人民币	钞	消费	3100	-77.50	707.52	深圳市财付通支	付科技有限公司	2433****0133	快捷支付
2024-12-21	13:38:19	3100024001230055845	活期	00000	人民币	钞	消费	3100	-19.00	688.52	北京三快在线科	技有限公司	1100****2473	快捷支付
2024-12-21	16:28:21	3100024001230055845	活期	00000	人民币	钞	消费	3100	-43.50	645.02	周卫	1200****7220	快捷支付
2024-12-21	17:00:22	3100024001230055845	活期	00000	人民币	钞	消费	3100	-22.00	623.02	小食代校园	5938****8171	快捷支付
2024-12-21	23:05:09	3100024001230055845	活期	00000	人民币	钞	消费	3100	-5.40	617.62	学友零食店南京	仙林南大店	5501****9903	快捷支付
2024-12-21	23:10:58	3100024001230055845	活期	00000	人民币	钞	消费	3100	-185.00	432.62	京东商城业务	227****9	快捷支付
2024-12-22	08:09:22	3100024001230055845	活期	00000	人民币	钞	消费	3100	-14.40	418.22	深圳市财付通支	付科技有限公司	2433****0133	快捷支付
2024-12-22	11:57:35	3100024001230055845	活期	00000	人民币	钞	消费	3100	-64.30	353.92	深圳市财付通支	付科技有限公司	2433****0133	快捷支付
2024-12-22	14:38:31	3100024001230055845	活期	00000	人民币	钞	消费	3100	-30.00	323.92	深圳市财付通支	付科技有限公司	2433****0133	快捷支付
2024-12-22	15:04:01	3100024001230055845	活期	00000	人民币	钞	消费	3100	-51.10	272.82	北京三快在线科	技有限公司	1100****2473	快捷支付
2024-12-23	10:14:19	3100024001230055845	活期	00000	人民币	钞	消费	3100	-22.00	250.82	餐饮服务	1667****2758	快捷支付
2024-12-23	13:54:00	3100024001230055845	活期	00000	人民币	钞	消费	3100	-13.44	237.38	深圳市财付通支	付科技有限公司	2433****0133	快捷支付
2024-12-23	14:18:21	3100024001230055845	活期	00000	人民币	钞	消费	3100	-9.00	228.38	微信转账	1000****0201	快捷支付
2024-12-23	16:34:34	3100024001230055845	活期	00000	人民币	钞	消费	3100	-24.60	203.78	徐石轩	1200****2944	快捷支付
2024-12-23	17:46:18	3100024001230055845	活期	00000	人民币	钞	消费	3100	-12.00	191.78	深圳市财付通支	付科技有限公司	2433****0133	快捷支付
2024-12-23	22:21:02	3100024001230055845	活期	00000	人民币	钞	消费	3100	-41.80	149.98	深圳市财付通支	付科技有限公司	2433****0133	快捷支付
2024-12-24	08:54:27	3100024001230055845	活期	00000	人民币	钞	消费	3100	-3.00	146.98	深圳市财付通支	付科技有限公司	2433****0133	快捷支付
2024-12-24	13:15:02	3100024001230055845	活期	00000	人民币	钞	消费	3100	-22.00	124.98	深圳市财付通支	付科技有限公司	2433****0133	快捷支付
2024-12-24	13:17:59	3100024001230055845	活期	00000	人民币	钞	消费	3100	-9.66	115.32			luckincoffee瑞幸咖啡	1526****1811	快捷支付
2024-12-24	15:45:52	3100024001230055845	活期	00000	人民币	钞	消费	3100	-18.50	96.82	粮草来了校园平	台	5599****9666	快捷支付
2024-12-24	16:08:13	3100024001230055845	活期	00000	人民币	钞	消费	3100	-35.00	61.82	北京三快在线科	技有限公司	1100****2473	快捷支付
2024-12-25	14:09:42	3100024001230055845	活期	00000	人民币	钞	消费	3100	-9.66	52.16			luckincoffee瑞幸咖啡	1526****1811	快捷支付
2024-12-25	16:23:23	3100024001230055845	活期	00000	人民币	钞	消费	3100	-21.50	30.66	粮草来了校园平	台	5599****9666	快捷支付

(
本页支出算术合计：767.21
) (
本页收入算术合计：0.00
) (
下单时间：2025-01-16 12:44:53
) (
本页交易笔数：25
) (
共 6 页
) (
第 2 页
)

交易日期	账号	储种	序号	币种	钞汇	摘要	地区	收入/支出金额	余额	对方户名	对方账号	渠道
2024-12-26	08:34:48	3100024001230055845	活期	00000	人民币	钞	消费	3100	-14.40	16.26	南京金拱门食品	有限公司	1607****3306	快捷支付
2024-12-26	13:38:42	3100024001230055845	活期	00000	人民币	钞	消费	3100	-9.66	6.60			luckincoffee瑞幸咖啡	1526****1811	快捷支付
2024-12-27	08:04:47	3100024001230055845	活期	00000	人民币	钞	他行汇入	3100	+3,500.00	3,506.60	魏依强	6230520950009795372	其他
2024-12-27	13:58:07	3100024001230055845	活期	00000	人民币	钞	消费	3100	-12.18	3,494.42	深圳市财付通支	付科技有限公司	2433****0133	快捷支付
2024-12-27	16:35:12	3100024001230055845	活期	00000	人民币	钞	消费	3100	-51.90	3,442.52	北京三快在线科	技有限公司	1100****2473	快捷支付
2024-12-27	17:44:48	3100024001230055845	活期	00000	人民币	钞	消费	3100	-6.90	3,435.62	深圳市财付通支	付科技有限公司	2433****0133	快捷支付
2024-12-27	18:24:56	3100024001230055845	活期	00000	人民币	钞	消费	3100	-28.00	3,407.62	深圳市财付通支	付科技有限公司	2433****0133	快捷支付
2024-12-27	22:20:49	3100024001230055845	活期	00000	人民币	钞	消费	3100	-15.80	3,391.82	深圳市财付通支	付科技有限公司	2433****0133	快捷支付
2024-12-28	08:37:27	3100024001230055845	活期	00000	人民币	钞	消费	3100	-39.80	3,352.02	北京三快在线科	技有限公司	1100****2473	快捷支付
2024-12-28	08:38:57	3100024001230055845	活期	00000	人民币	钞	消费	3100	-10.20	3,341.82	深圳市财付通支	付科技有限公司	2433****0133	快捷支付
2024-12-28	14:03:28	3100024001230055845	活期	00000	人民币	钞	消费	3100	-13.44	3,328.38	深圳市财付通支	付科技有限公司	2433****0133	快捷支付
2024-12-28	20:23:59	3100024001230055845	活期	00000	人民币	钞	消费	3100	-8.20	3,320.18	深圳市财付通支	付科技有限公司	2433****0133	快捷支付
2024-12-28	20:28:33	3100024001230055845	活期	00000	人民币	钞	消费	3100	-7.10	3,313.08	江苏瑞科特广告	传媒有限公司	1664****8412	快捷支付
2024-12-28	20:29:29	3100024001230055845	活期	00000	人民币	钞	退款	3100	+8.20	3,321.28	深圳市财付通支	付科技有限公司	2433****0133	快捷支付
2024-12-28	20:30:02	3100024001230055845	活期	00000	人民币	钞	消费	3100	-6.90	3,314.38	深圳市财付通支	付科技有限公司	2433****0133	快捷支付
2024-12-29	08:41:31	3100024001230055845	活期	00000	人民币	钞	消费	3100	-13.80	3,300.58	深圳市财付通支	付科技有限公司	2433****0133	快捷支付
2024-12-29	09:33:44	3100024001230055845	活期	00000	人民币	钞	消费	3100	-37.10	3,263.48	北京三快在线科	技有限公司	1100****2473	快捷支付
2024-12-29	13:52:23	3100024001230055845	活期	00000	人民币	钞	消费	3100	-9.66	3,253.82			luckincoffee瑞幸咖啡	1526****1811	快捷支付
2024-12-29	16:23:06	3100024001230055845	活期	00000	人民币	钞	消费	3100	-22.40	3,231.42			栖霞徐云云餐饮店(个体工商户)	1200****7396	快捷支付
2024-12-29	18:07:47	3100024001230055845	活期	00000	人民币	钞	消费	3100	-15.00	3,216.42	深圳市财付通支	付科技有限公司	2433****0133	快捷支付
2024-12-29	18:23:16	3100024001230055845	活期	00000	人民币	钞	消费	3100	-24.00	3,192.42	深圳市财付通支	付科技有限公司	2433****0133	快捷支付
2024-12-29	18:23:52	3100024001230055845	活期	00000	人民币	钞	消费	3100	-22.00	3,170.42	深圳市财付通支	付科技有限公司	2433****0133	快捷支付
2024-12-30	08:41:54	3100024001230055845	活期	00000	人民币	钞	消费	3100	-14.40	3,156.02	深圳市财付通支	付科技有限公司	2433****0133	快捷支付
2024-12-30	13:38:59	3100024001230055845	活期	00000	人民币	钞	消费	3100	-20.90	3,135.12	四川茶姬企业管	理有限公司	1200****6889	快捷支付
2024-12-31	08:51:43	3100024001230055845	活期	00000	人民币	钞	消费	3100	-14.40	3,120.72	南京金拱门食品	有限公司	1607****3306	快捷支付

(
本页支出算术合计：418.14
) (
本页收入算术合计：3,508.20
) (
下单时间：2025-01-16 12:44:53
) (
本页交易笔数：25
) (
共 6 页
) (
第 3 页
)

交易日期	账号	储种	序号	币种	钞汇	摘要	地区	收入/支出金额	余额	对方户名	对方账号	渠道
2024-12-31	10:38:56	3100024001230055845	活期	00000	人民币	钞	消费	3100	-47.80	3,072.92	北京三快在线科	技有限公司	1100****2473	快捷支付
2024-12-31	13:55:50	3100024001230055845	活期	00000	人民币	钞	消费	3100	-12.80	3,060.12	深圳市财付通支	付科技有限公司	2433****0133	快捷支付
2024-12-31	18:36:34	3100024001230055845	活期	00000	人民币	钞	消费	3100	-22.90	3,037.22	深圳市财付通支	付科技有限公司	2433****0133	快捷支付
2024-12-31	18:43:10	3100024001230055845	活期	00000	人民币	钞	消费	3100	-12.90	3,024.32	LAWSON	1247****3001	快捷支付
2024-12-31	18:43:43	3100024001230055845	活期	00000	人民币	钞	退款	3100	+12.90	3,037.22	财付通	1247****3001	快捷支付
2024-12-31	18:46:05	3100024001230055845	活期	00000	人民币	钞	消费	3100	-5.50	3,031.72	深圳市财付通支	付科技有限公司	2433****0133	快捷支付
2025-01-01	10:04:09	3100024001230055845	活期	00000	人民币	钞	消费	3100	-38.79	2,992.93	南京月尚夜上海	餐饮有限公司	7211****6371	快捷支付
2025-01-01	14:28:24	3100024001230055845	活期	00000	人民币	钞	消费	3100	-47.30	2,945.63	北京三快在线科	技有限公司	1100****2473	快捷支付
2025-01-02	07:48:19	3100024001230055845	活期	00000	人民币	钞	消费	3100	-26.30	2,919.33	深圳市财付通支	付科技有限公司	2433****0133	快捷支付
2025-01-02	16:28:36	3100024001230055845	活期	00000	人民币	钞	消费	3100	-55.60	2,863.73	北京三快在线科	技有限公司	1100****2473	快捷支付
2025-01-02	16:30:31	3100024001230055845	活期	00000	人民币	钞	消费	3100	-22.00	2,841.73	深圳市财付通支	付科技有限公司	2433****0133	快捷支付
2025-01-02	18:40:04	3100024001230055845	活期	00000	人民币	钞	消费	3100	-3.20	2,838.53	深圳市财付通支	付科技有限公司	2433****0133	快捷支付
2025-01-02	22:39:14	3100024001230055845	活期	00000	人民币	钞	无卡支付	3100	-2.96	2,835.57	胖乖生活	8216****00ZL	网上银行
2025-01-03	13:57:03	3100024001230055845	活期	00000	人民币	钞	消费	3100	-13.44	2,822.13	深圳市财付通支	付科技有限公司	2433****0133	快捷支付
2025-01-03	16:30:41	3100024001230055845	活期	00000	人民币	钞	消费	3100	-49.78	2,772.35	北京三快在线科	技有限公司	1100****2473	快捷支付
2025-01-03	18:51:40	3100024001230055845	活期	00000	人民币	钞	消费	3100	-22.00	2,750.35	餐饮服务	1667****2758	快捷支付
2025-01-04	08:24:40	3100024001230055845	活期	00000	人民币	钞	消费	3100	-14.40	2,735.95	南京金拱门食品	有限公司	1607****3306	快捷支付
2025-01-04	08:51:30	3100024001230055845	活期	00000	人民币	钞	消费	3100	-33.60	2,702.35	北京三快在线科	技有限公司	1100****2473	快捷支付
2025-01-04	13:58:05	3100024001230055845	活期	00000	人民币	钞	消费	3100	-9.66	2,692.69			luckincoffee瑞幸咖啡	1526****1811	快捷支付
2025-01-04	19:04:05	3100024001230055845	活期	00000	人民币	钞	消费	3100	-22.00	2,670.69	深圳市财付通支	付科技有限公司	2433****0133	快捷支付
2025-01-04	19:06:34	3100024001230055845	活期	00000	人民币	钞	消费	3100	-13.90	2,656.79	深圳市财付通支	付科技有限公司	2433****0133	快捷支付
2025-01-04	22:59:29	3100024001230055845	活期	00000	人民币	钞	消费	3100	-11.00	2,645.79	深圳市财付通支	付科技有限公司	2433****0133	快捷支付
2025-01-05	10:36:47	3100024001230055845	活期	00000	人民币	钞	消费	3100	-31.40	2,614.39	徐石轩	1200****2944	快捷支付
2025-01-05	13:56:57	3100024001230055845	活期	00000	人民币	钞	消费	3100	-9.66	2,604.73			luckincoffee瑞幸咖啡	1526****1811	快捷支付
2025-01-05	19:33:33	3100024001230055845	活期	00000	人民币	钞	消费	3100	-51.40	2,553.33			深圳百果园实业(集团)股份有限公司	1200****9370	快捷支付

(
本页支出算术合计：580.29
) (
本页收入算术合计：12.90
) (
下单时间：2025-01-16 12:44:53
) (
本页交易笔数：25
) (
共 6 页
) (
第 4 页
)

交易日期	账号	储种	序号	币种	钞汇	摘要	地区	收入/支出金额	余额	对方户名	对方账号	渠道
2025-01-05	23:12:10	3100024001230055845	活期	00000	人民币	钞	消费	3100	-22.00	2,531.33	餐饮服务	1667****2758	快捷支付
2025-01-06	08:48:42	3100024001230055845	活期	00000	人民币	钞	消费	3100	-11.70	2,519.63	深圳市财付通支	付科技有限公司	2433****0133	快捷支付
2025-01-06	09:10:09	3100024001230055845	活期	00000	人民币	钞	消费	3100	-2.85	2,516.78	深圳市财付通支	付科技有限公司	2433****0133	快捷支付
2025-01-06	13:27:59	3100024001230055845	活期	00000	人民币	钞	消费	3100	-6.50	2,510.28	江苏汉园商贸中	心	1608****5098	快捷支付
2025-01-06	16:54:33	3100024001230055845	活期	00000	人民币	钞	消费	3100	-40.00	2,470.28	宋银燕	1200****4695	快捷支付
2025-01-06	16:57:07	3100024001230055845	活期	00000	人民币	钞	消费	3100	-20.80	2,449.48	深圳市财付通支	付科技有限公司	2433****0133	快捷支付
2025-01-06	18:47:43	3100024001230055845	活期	00000	人民币	钞	消费	3100	-5.80	2,443.68	深圳市财付通支	付科技有限公司	2433****0133	快捷支付
2025-01-06	18:48:52	3100024001230055845	活期	00000	人民币	钞	消费	3100	-8.20	2,435.48	深圳市财付通支	付科技有限公司	2433****0133	快捷支付
2025-01-06	20:40:39	3100024001230055845	活期	00000	人民币	钞	消费	3100	-9.00	2,426.48	深圳市财付通支	付科技有限公司	2433****0133	快捷支付
2025-01-06	23:10:28	3100024001230055845	活期	00000	人民币	钞	消费	3100	-9.90	2,416.58	深圳市财付通支	付科技有限公司	2433****0133	快捷支付
2025-01-07	08:29:26	3100024001230055845	活期	00000	人民币	钞	消费	3100	-11.70	2,404.88	深圳市财付通支	付科技有限公司	2433****0133	快捷支付
2025-01-07	18:44:29	3100024001230055845	活期	00000	人民币	钞	消费	3100	-20.80	2,384.08	大碗	1644****8278	快捷支付
2025-01-08	07:35:38	3100024001230055845	活期	00000	人民币	钞	消费	3100	-11.70	2,372.38	深圳市财付通支	付科技有限公司	2433****0133	快捷支付
2025-01-08	11:26:05	3100024001230055845	活期	00000	人民币	钞	消费	3100	-37.60	2,334.78	北京三快在线科	技有限公司	1100****2473	快捷支付
2025-01-08	19:14:48	3100024001230055845	活期	00000	人民币	钞	消费	3100	-7.90	2,326.88	深圳市财付通支	付科技有限公司	2433****0133	快捷支付
2025-01-08	23:05:24	3100024001230055845	活期	00000	人民币	钞	消费	3100	-5.40	2,321.48	深圳市财付通支	付科技有限公司	2433****0133	快捷支付
2025-01-08	23:07:49	3100024001230055845	活期	00000	人民币	钞	消费	3100	-20.80	2,300.68	深圳市财付通支	付科技有限公司	2433****0133	快捷支付
2025-01-09	07:47:22	3100024001230055845	活期	00000	人民币	钞	消费	3100	-14.70	2,285.98	深圳市财付通支	付科技有限公司	2433****0133	快捷支付
2025-01-09	14:15:52	3100024001230055845	活期	00000	人民币	钞	消费	3100	-12.80	2,273.18	深圳市财付通支	付科技有限公司	2433****0133	快捷支付
2025-01-09	16:38:15	3100024001230055845	活期	00000	人民币	钞	消费	3100	-42.90	2,230.28	上海骏琳日升餐	饮管理有限公司	1200****6826	快捷支付
2025-01-09	22:53:56	3100024001230055845	活期	00000	人民币	钞	消费	3100	-12.00	2,218.28	深圳市财付通支	付科技有限公司	2433****0133	快捷支付
2025-01-09	23:06:27	3100024001230055845	活期	00000	人民币	钞	消费	3100	-3.70	2,214.58	深圳市财付通支	付科技有限公司	2433****0133	快捷支付
2025-01-10	07:36:45	3100024001230055845	活期	00000	人民币	钞	消费	3100	-14.40	2,200.18	深圳市财付通支	付科技有限公司	2433****0133	快捷支付
2025-01-10	12:11:56	3100024001230055845	活期	00000	人民币	钞	消费	3100	-28.00	2,172.18	深圳市财付通支	付科技有限公司	2433****0133	快捷支付
2025-01-10	15:51:21	3100024001230055845	活期	00000	人民币	钞	消费	3100	-35.80	2,136.38	滕培源	1200****7806	快捷支付

(
本页支出算术合计：416.95
) (
本页收入算术合计：0.00
) (
下单时间：2025-01-16 12:44:53
) (
本页交易笔数：25
) (
共 6 页
) (
第 5 页
)